
@book{jvms,
  title      = {The Java® Virtual Machine Specification},
  edition    = {Java SE 13 edition},
  author     = {Tim Lindholm, Frank Yellin, Gilad Bracha, Alex Buckley, Daniel Smith},
  url        = {docs.oracle.com/javase/specs/jvms/se13/jvms13.pdf},
  year       = {2019},
}

@online{lecture_frames,
  author       = "Parallel \& Distributed Operating Systems Group",
  title        = "Lecture 11: RISC-V calling convention, stack frames, and gdb",
  year         = 2019,
  url          = {https://pdos.csail.mit.edu/6.828/2019/lec/l-riscv.txt},
  urldate      = "02.2020",
  language     = "english"
}

@online{riscv:gnu,
  author       = "RISC-V",
  title        = "riscv-gnu-toolchain",
  howpublished = "Official github page",
  year         = 2018,
  url          = {https://github.com/riscv/riscv-gnu-toolchain},
  urldate      = "02.2020",
  language     = "english"
}

@online{riscv:qemu,
  author       = "RISC-V",
  title        = "riscv-qemu wiki",
  howpublished = "Official github page",
  year         = 2018,
  url          = {https://github.com/riscv/riscv-qemu/wiki},
  urldate      = "05.2020",
  language     = "english"
}

@online{riscv:convention,
  author       = "RISC-V",
  title        = "riscv-elf-psabi-doc",
  howpublished = "Official github page",
  year         = 2020,
  url          = {https://github.com/riscv/riscv-elf-psabi-doc/blob/master/riscv-elf.md},
  urldate      = "02.2020",
  language     = "english"
}

@online{riscv:asm,
  author       = "RISC-V",
  title        = "riscv-asm-manual",
  howpublished = "Official github page",
  year         = 2020,
  url          = {https://github.com/riscv/riscv-asm-manual/blob/master/riscv-asm.md},
  urldate      = "05.2020",
  language     = "english"
}

@online{riscv:github,
  author       = "RISC-V",
  title        = "riscv-elf-psabi-doc",
  howpublished = "Official github page",
  year         = 2020,
  url          = {https://github.com/riscv/riscv-elf-psabi-doc/blob/master/riscv-elf.md},
  urldate      = "02.2020",
  language     = "english"
}

@online{hotspot,
  author       = "Azul Research",
  title        = "hotspot sources of Azul OpendJDK",
  howpublished = "Github project page",
  year         = 2020,
  url          = {https://github.com/azul-research/jdk-riscv/tree/riscv/src/hotspot},
  urldate      = "05.2020"
}

@online{riscv:spec,
  author       = "RISC-V",
  howpublished = "Official github page",
  year         = 2020,
  url          = {https://github.com/riscv}
}

@online{renaissance,
  author       = "Renaissance Suite",
  title        = "A modern benchmark suite for the JVM",
  howpublished = "Official homepage",
  year         = 2019,
  url          = {https://renaissance.dev/}
}



@online{riscv:members,
  author       = "RISC-V",
  title        = "Members at a Glance",
  year         = 2020,
  url          = {https://riscv.org/members-at-a-glance/},
  urldate      = "05.2020",
  language     = "english"
}


@online{riscv:soft,
  author       = "RISC-V",
  title        = "RISC-V Software Ecosystem Overview",
  year         = 2020,
  url          = {https://riscv.org/software-status/},
  urldate      = "05.2020",
  language     = "english"
}


@online{openjdk:platforms,
  author       = "OpenJDK",
  title        = "Supported Build Platforms",
  year         = 2019,
  url          = {https://wiki.openjdk.java.net/display/Build/Supported+Build+Platforms},
  urldate      = "05.2020",
  language     = "english"
}


@online{openjdk_reference,
  author       = "B. Vermeer",
  title        = "36\% of developers switched from Oracle JDK to an alternate OpenJDK distribution, over the last year",
  year         = 2019,
  url          = {shorturl.at/dqFI4},
  urldate      = "02.2020"
}


@online{openjdk:FAQ,
  author       = "OpenJDK",
  title        = "OpenJDK FAQ",
  year         = 2019,
  url          = {https://openjdk.java.net/faq/},
  urldate      = "02.2020",
}


@online{sifive,
  author       = "SiFive",
  title        = "HiFive Unleashed",
  year         = 2018,
  url          = {https://www.crowdsupply.com/sifive/hifive-unleashed},
  urldate      = "05.2020",
}

@online{maxine,
  author       = "beehive-lab",
  title        = "Maxine-VM",
  year         = 2020,
  url          = {https://github.com/beehive-lab/Maxine-VM},
  urldate      = "05.2020",
}

@online{jikes,
  author       = "beehive-lab",
  title        = "JikesRVM",
  year         = 2020,
  url          = {https://github.com/JikesRVM/JikesRVM},
  urldate      = "05.2020",
}

% [1] B. Vermeer. “36% of developers switched from Oracle JDK to an alternate OpenJDK distribution, over the last year” snyk.io. https://snyk.io/blog/36-of-developers-switched-from-oracle-jdk-to-an-alternate-openjdk-distribution-over-the-last-year/ (accessed Mar. 5, 2020).

% [2] “OpenJDK FAQ” openjdk.java.net. https://openjdk.java.net/faq/ (accessed Mar 5, 2020).


% [9] A. Waterman, Y. Lee, D. A. Patterson, K. Asanovic. The RISC-V Instruction Set Manual, Volume I: User-Level ISA, Version 2.0 (2014). [Online] Available: https://www2.eecs.berkeley.edu/Pubs/TechRpts/2014/EECS-2014-54.pdf

%https://riscv.org/specifications/isa-spec-pdf/
% [5] Azul PPC OpenJDK port, Official Azul Research repository, Jul 2019. [Online]. Available: https://github.com/azul-research/jdk-riscv/tree/riscv/src/hotspot/cpu/ppc

% https://github.com/azul-research/jdk-riscv/tree/riscv/src/hotspot

% [1] B. Vermeer. “36% of developers switched from Oracle JDK to an alternate OpenJDK distribution, over the last year” snyk.io. https://snyk.io/blog/36-of-developers-switched-from-oracle-jdk-to-an-alternate-openjdk-distribution-over-the-last-year/ (accessed Mar. 5, 2020).

% [2] “OpenJDK FAQ” openjdk.java.net. https://openjdk.java.net/faq/ (accessed Mar 5, 2020).

% [3] T. Lindholm, F. Yellin, G. Bracha, A. Buckley. The Java Virtual Machine Specification, Java SE 8 Edition (2015). Accessed: Feb 2, 2020. [Online]. Available: https://docs.oracle.com/javase/specs/jvms/se8/jvms8.pdf

%[4] CS Division, EECS Department, University of California, Berkeley. The RISC-V Instruction Set Manual, Volume I: Unprivileged ISA (2019). [Online]. Available: https://riscv.org/specifications/isa-spec-pdf/

% [5] Azul PPC OpenJDK port, Official Azul Research repository, Jul 2019. [Online]. Available: https://github.com/azul-research/jdk-riscv/tree/riscv/src/hotspot/cpu/ppc

% [6] Motorola Inc. PowerPC Microprocessor Family: The Programming Environments, Rev 0.1 (1996). [Online]. Available: http://www.csit-sun.pub.ro/~cpop/Documentatie_SMP/Motorola_PowerPC/PowerPc/GenInfo/pemch8.pdf

% [7] Parallel & Distributed Operating Systems Group. (2019). Lecture 11: RISC-V calling convention, stack frames, and gdb. [Online]. Available: https://pdos.csail.mit.edu/6.828/2019/lec/l-riscv.txt

% [8] T. Wilcock. (2019). RISC-V from scratch 4: Creating a function prologue for our UART driver (2 / 3). [Online]. Available: https://twilco.github.io/riscv-from-scratch/2019/07/28/riscv-from-scratch-4.html

% [9] A. Waterman, Y. Lee, D. A. Patterson, K. Asanovic. The RISC-V Instruction Set Manual, Volume I: User-Level ISA, Version 2.0 (2014). [Online] Available: https://www2.eecs.berkeley.edu/Pubs/TechRpts/2014/EECS-2014-54.pdf
